<?xml version="1.0" encoding="UTF-8"?><record xmlns="http://www.loc.gov/MARC21/slim" xmlns:cinclude="http://apache.org/cocoon/include/1.0" xmlns:zs="http://www.loc.gov/zing/srw/">
  <leader>00553cz  a2200157n  4500</leader>
  <controlfield tag="001">n  77005964 </controlfield>
  <controlfield tag="003">DLC</controlfield>
  <controlfield tag="005">20120801075225.0</controlfield>
  <controlfield tag="008">770809n| abannaab           |n aaa      </controlfield>
  <datafield tag="010" ind1=" " ind2=" ">
    <subfield code="a">n  77005964 </subfield>
    <subfield code="z">no2003097138</subfield>
  </datafield>
  <datafield tag="040" ind1=" " ind2=" ">
    <subfield code="a">DLC</subfield>
    <subfield code="b">eng</subfield>
    <subfield code="c">DLC</subfield>
    <subfield code="d">DLC</subfield>
  </datafield>
  <datafield tag="046" ind1=" " ind2=" ">
    <subfield code="f">1925</subfield>
  </datafield>
  <datafield tag="100" ind1="1" ind2=" ">
    <subfield code="a">Duffy, Thomas Glenn,</subfield>
    <subfield code="d">1925-</subfield>
  </datafield>
  <datafield tag="667" ind1=" " ind2=" ">
    <subfield code="a">THIS 1XX FIELD CANNOT BE USED UNDER RDA UNTIL THIS RECORD HAS BEEN REVIEWED AND/OR UPDATED</subfield>
  </datafield>
  <datafield tag="670" ind1=" " ind2=" ">
    <subfield code="a">His Russia's Balkan policy ... c1975:</subfield>
    <subfield code="b">t.p. (Thomas G. Duffy)</subfield>
  </datafield>
  <datafield tag="670" ind1=" " ind2=" ">
    <subfield code="a">Phone call to au., 7/26/77</subfield>
    <subfield code="b">(Thomas Glenn Duffy; b. 1/6/25)</subfield>
  </datafield>
</record>